<?xml version="1.0" encoding="UTF-8"?><collection xmlns="http://www.loc.gov/MARC21/slim"><record><leader>00604nam--2200157-i-4500</leader><controlfield tag="001">000024147</controlfield><controlfield tag="002">20161230</controlfield><controlfield tag="005">20161230201035</controlfield><controlfield tag="008">060222s1000------------r-----000-0-eng-d</controlfield><datafield ind1=" " ind2=" " tag="080"><subfield code="a">517.982.22</subfield></datafield><datafield ind1=" " ind2=" " tag="100"><subfield code="a">Hogbe-nlend, Henri And Moscatelli, Vincenzo Bruno</subfield></datafield><datafield ind1=" " ind2=" " tag="245"><subfield code="a">Nuclear and conuclear spaces. introductory course on nuclear and conuclear spaces in the light of the duality topology-bornology</subfield></datafield><datafield ind1=" " ind2=" " tag="260"><subfield code="a">Amsterdam, North-holland Publishing Company, 1981, Ix + 275p</subfield></datafield><datafield ind1=" " ind2=" " tag="490"><subfield code="a">North-holland Mathematics Studies. Notas De Matematica</subfield></datafield><datafield ind1=" " ind2=" " tag="852"><subfield code="a">42881</subfield><subfield code="c">515/516</subfield></datafield><datafield ind1=" " ind2=" " tag="CAT"><subfield code="a">Sys</subfield><subfield code="c">20080611</subfield><subfield code="h">104413</subfield></datafield></record></collection>